% Encoding: UTF-8

@Article{Fernandez-Aparicio2019,
  author  = {Ángel Fernández-Aparicio and Jacqueline Schmidt-RioValle and Javier S. Perona and María Correa-Rodríguez and Jose M. Castellano and Emilio González-Jiménez},
  title   = {Potential protective effect of oleanolic acid on the components of metabolic syndrome: a systematic review},
  journal = {Journal of Clinical Medicine},
  year    = {2019},
  volume  = {8},
  number  = {9},
  pages   = {1294},
}

@Article{Hurrle2017,
  author  = {Samantha Hurrle and Walter H. Hsu},
  title   = {The etiology of oxidative stress in insulin resistance.},
  journal = {Biomedical Journal},
  year    = {2017},
  volume  = {40},
  number  = {5},
  pages   = {257-262},
}

@Book{Mansoor2018,
  title     = {Frameworks for internal medicine},
  publisher = {Wolters Kluwer Health Pharma Solutions (Europe) Ltd},
  year      = {2018},
  author    = {Andre Mansoor},
}

@Article{Perona2019,
  author  = {Javier S. Perona and Jacqueline Schmidt-RioValle and Ángel Fernández-Aparicio and María Correa-Rodríguez and Robinson Ramírez-Vélez and Emilio González-Jiménez},
  title   = {Waist circumference and abdominal volume index can predict metabolic syndrome in adolescents, but only when the criteria of the international diabetes federation are employed for the diagnosis},
  journal = {Nutrients},
  year    = {2019},
  volume  = {11},
  number  = {6},
  pages   = {1370},
}

@Comment{jabref-meta: databaseType:bibtex;}
